%%
%% $Id: biblio.bib,v 1.7 2015/03/18 09:43:08 macias Exp $
%%



%%Paginas Web

@Misc{web-scraping-wikipedia,
  OPTkey = 	 {},
  author = 	 {Wikipedia},
  note = 	 {\url{https://es.wikipedia.org/wiki/Web_scraping.} [Ultimo acceso 14/octubre/2021]},
  howpublished = {},
  OPTmonth = 	 {},
  OPTyear = 	 {},
  title = 	 {Web scraping},
  OPTannote = 	 {}
}

%%%%%%%%%%%%%%%%%%%%%%%%%%%%%%%%%%%%%%%%%%%%%
%%%%%%%%%%%%%%%%%%%%%%%%%%%%%%%%%%%%%%%%%%%%%
%%%%%%%%%%%%%%%%%%%%%%%%%%%%%%%%%%%%%%%%%%%%%
%%%%%%%%%%%%%%%%%%%%%%%%%%%%%%%%%%%%%%%%%%%%%
%%%%%%%%%%%%%%%%%%%%%%%%%%%%%%%%%%%%%%%%%%%%%
%%                                                         EJMEPLOS
%%%%%%%%%%%%%%%%%%%%%%%%%%%%%%%%%%%%%%%%%%%%%
%%%%%%%%%%%%%%%%%%%%%%%%%%%%%%%%%%%%%%%%%%%%%
%%%%%%%%%%%%%%%%%%%%%%%%%%%%%%%%%%%%%%%%%%%%%
%%%%%%%%%%%%%%%%%%%%%%%%%%%%%%%%%%%%%%%%%%%%%
%%%%%%%%%%%%%%%%%%%%%%%%%%%%%%%%%%%%%%%%%%%%%
%%%%%%%%%%%%%%%%%%%%%%%%%%%%%%%%%%%%%%%%%%%%%
@TechReport{ AMI,
	title = "Augmented Multi-party interacion (AMI) project.",
	author = "State of the art overview: Localization {and tracking of multiple interlocutors with multiple sensors}",
	institution = "Technical report",
	year = "2007"
}

@InProceedings{lathoud04,
  author = 	 {G. Lathoud and I.A. McCowan and J.M. Odobez},
  title = 	 {Unsupervised location-based segmentation of multi-party speech},
  OPTcrossref =  {},
  OPTkey = 	 {},
  booktitle = {NIST ICASSP Meeting Recognition Workshop},
  OPTpages = 	 {},
  year = 	 {2004},
  OPTeditor = 	 {},
  OPTvolume = 	 {},
  OPTnumber = 	 {},
  OPTseries = 	 {},
  OPTaddress = 	 {},
  OPTmonth = 	 {},
  OPTorganization = {},
  OPTpublisher = {},
  OPTnote = 	 {},
  OPTannote = 	 {}
}

@TechReport{kochkin02,
  author = 	 {Sergei Kochkin and Tim Wickstrom},
  title = 	 {Headsets, Far Field and Handheld Microphones: Their Impact on Continuous Speech Recognition},
  institution =  {EMKAY, a division of Knowles Electronics},
  year = 	 {2002},
  OPTkey = 	 {},
  OPTtype = 	 {},
  OPTnumber = 	 {},
  OPTaddress = 	 {},
  OPTmonth = 	 {},
  OPTnote = 	 {},
  OPTannote = 	 {}
}


@Article{furui86,
  author = 	 {Sadaoki Furui},
  title = 	 {Speaker-Independent Isolated Word Recognition Using Dynamic Features of Speech Spectrun },
  journal = 	 {IEEE Transactions on Acoustics, Speech and Signal processing},
  year = 	 1986,
  volume =	 {ASSPS-34},
  number =	 1,
  pages =	 {52-59},
  month =	 {February}
}
@Manual{nelson90,
  title = 	 {Document Preparation with \LaTeX},
  author =	 {Sam Nelson},
  organization = {University Of Stirling},
  month =	 {October},
  year =	 1990
}

@Book{o'shaughnessy50,
  author =	 {Douglas O'Shaughnessy},
  title = 	 {Speech Communication Human and Machine},
  publisher = 	 {Addison-Wesley},
  year = 	 1950,
  series =	 {Electrical Engineering: Digital Signal Processing}
}

@MastersThesis{varma02,
  author = 	 {Krishnaraj Varma},
  title = 	 {Time-Delay-Estimate Based Direction-of-Arrival Estimation for Speech in Reverberant Environments},
  school = 	 {Virginia Polytechnic Institute and State University},
  year = 	 {2002},
  OPTkey = 	 {},
  OPTtype = 	 {},
  OPTaddress = 	 {},
  OPTmonth = 	 {},
  OPTnote = 	 {},
  OPTannote = 	 {}
}
